@article{Agazie:2023,
doi = {10.3847/2041-8213/acdac6},
url = {https://dx.doi.org/10.3847/2041-8213/acdac6},
year = {2023},
month = {jun},
publisher = {The American Astronomical Society},
volume = {951},
number = {1},
pages = {L8},
author = {Gabriella Agazie and Akash Anumarlapudi and Anne M. Archibald and Zaven Arzoumanian and Paul T. Baker and Bence Bécsy and Laura Blecha and Adam Brazier and Paul R. Brook and Sarah Burke-Spolaor and Rand Burnette and Robin Case and Maria Charisi and Shami Chatterjee and Katerina Chatziioannou and Belinda D. Cheeseboro and Siyuan Chen and Tyler Cohen and James M. Cordes and Neil J. Cornish and Fronefield Crawford and H. Thankful Cromartie and Kathryn Crowter and Curt J. Cutler and Megan E. DeCesar and Dallas DeGan and Paul B. Demorest and Heling Deng and Timothy Dolch and Brendan Drachler and Justin A. Ellis and Elizabeth C. Ferrara and William Fiore and Emmanuel Fonseca and Gabriel E. Freedman and Nate Garver-Daniels and Peter A. Gentile and Kyle A. Gersbach and Joseph Glaser and Deborah C. Good and Kayhan Gültekin and Jeffrey S. Hazboun and Sophie Hourihane and Kristina Islo and Ross J. Jennings and Aaron D. Johnson and Megan L. Jones and Andrew R. Kaiser and David L. Kaplan and Luke Zoltan Kelley and Matthew Kerr and Joey S. Key and Tonia C. Klein and Nima Laal and Michael T. Lam and William G. Lamb and T. Joseph W. Lazio and Natalia Lewandowska and Tyson B. Littenberg and Tingting Liu and Andrea Lommen and Duncan R. Lorimer and Jing Luo and Ryan S. Lynch and Chung-Pei Ma and Dustin R. Madison and Margaret A. Mattson and Alexander McEwen and James W. McKee and Maura A. McLaughlin and Natasha McMann and Bradley W. Meyers and Patrick M. Meyers and Chiara M. F. Mingarelli and Andrea Mitridate and Priyamvada Natarajan and Cherry Ng and David J. Nice and Stella Koch Ocker and Ken D. Olum and Timothy T. Pennucci and Benetge B. P. Perera and Polina Petrov and Nihan S. Pol and Henri A. Radovan and Scott M. Ransom and Paul S. Ray and Joseph D. Romano and Shashwat C. Sardesai and Ann Schmiedekamp and Carl Schmiedekamp and Kai Schmitz and Levi Schult and Brent J. Shapiro-Albert and Xavier Siemens and Joseph Simon and Magdalena S. Siwek and Ingrid H. Stairs and Daniel R. Stinebring and Kevin Stovall and Jerry P. Sun and Abhimanyu Susobhanan and Joseph K. Swiggum and Jacob Taylor and Stephen R. Taylor and Jacob E. Turner and Caner Unal and Michele Vallisneri and Rutger van Haasteren and Sarah J. Vigeland and Haley M. Wahl and Qiaohong Wang and Caitlin A. Witt and Olivia Young and The NANOGrav Collaboration},
title = {The NANOGrav 15 yr Data Set: Evidence for a Gravitational-wave Background},
journal = {The Astrophysical Journal Letters}
}

@article{Fujita:2018ehq,
    author = "Fujita, Tomohiro and Kuroyanagi, Sachiko and Mizuno, Shuntaro and Mukohyama, Shinji",
    title = "{Blue-tilted Primordial Gravitational Waves from Massive Gravity}",
    eprint = "1808.02381",
    archivePrefix = "arXiv",
    primaryClass = "gr-qc",
    reportNumber = "YITP-18-84, IPMU18-0129",
    doi = "10.1016/j.physletb.2018.12.025",
    journal = "Phys. Lett. B",
    volume = "789",
    pages = "215--219",
    year = "2019"
}

@article{Gumrukcuoglu:2012wt,
    author = "Gumrukcuoglu, A. Emir and Kuroyanagi, Sachiko and Lin, Chunshan and Mukohyama, Shinji and Tanahashi, Norihiro",
    title = "{Gravitational wave signal from massive gravity}",
    eprint = "1208.5975",
    archivePrefix = "arXiv",
    primaryClass = "hep-th",
    reportNumber = "IPMU12-0164",
    doi = "10.1088/0264-9381/29/23/235026",
    journal = "Class. Quant. Grav.",
    volume = "29",
    pages = "235026",
    year = "2012"
}

@misc{GH,
    author = {Choi, Chris},
    url = {https://github.com/ChrisChoi314/constrain_mass_nanograv_15},
    howpublished = {\url{https://github.com/ChrisChoi314/constrain_mass_nanograv_15
    }},
    year = {2023}
}

@article{Afzal:2023,
doi = {10.3847/2041-8213/acdc91},
url = {https://dx.doi.org/10.3847/2041-8213/acdc91},
year = {2023},
month = {jun},
publisher = {The American Astronomical Society},
volume = {951},
number = {1},
pages = {L11},
author = {Adeela Afzal and Gabriella Agazie and Akash Anumarlapudi and Anne M. Archibald and Zaven Arzoumanian and Paul T. Baker and Bence Bécsy and Jose Juan Blanco-Pillado and Laura Blecha and Kimberly K. Boddy and Adam Brazier and Paul R. Brook and Sarah Burke-Spolaor and Rand Burnette and Robin Case and Maria Charisi and Shami Chatterjee and Katerina Chatziioannou and Belinda D. Cheeseboro and Siyuan Chen and Tyler Cohen and James M. Cordes and Neil J. Cornish and Fronefield Crawford and H. Thankful Cromartie and Kathryn Crowter and Curt J. Cutler and Megan E. DeCesar and Dallas DeGan and Paul B. Demorest and Heling Deng and Timothy Dolch and Brendan Drachler and Richard von Eckardstein and Elizabeth C. Ferrara and William Fiore and Emmanuel Fonseca and Gabriel E. Freedman and Nate Garver-Daniels and Peter A. Gentile and Kyle A. Gersbach and Joseph Glaser and Deborah C. Good and Lydia Guertin and Kayhan Gültekin and Jeffrey S. Hazboun and Sophie Hourihane and Kristina Islo and Ross J. Jennings and Aaron D. Johnson and Megan L. Jones and Andrew R. Kaiser and David L. Kaplan and Luke Zoltan Kelley and Matthew Kerr and Joey S. Key and Nima Laal and Michael T. Lam and William G. Lamb and T. Joseph W. Lazio and Vincent S. H. Lee and Natalia Lewandowska and Rafael R. Lino dos Santos and Tyson B. Littenberg and Tingting Liu and Duncan R. Lorimer and Jing Luo and Ryan S. Lynch and Chung-Pei Ma and Dustin R. Madison and Alexander McEwen and James W. McKee and Maura A. McLaughlin and Natasha McMann and Bradley W. Meyers and Patrick M. Meyers and Chiara M. F. Mingarelli and Andrea Mitridate and Jonathan Nay and Priyamvada Natarajan and Cherry Ng and David J. Nice and Stella Koch Ocker and Ken D. Olum and Timothy T. Pennucci and Benetge B. P. Perera and Polina Petrov and Nihan S. Pol and Henri A. Radovan and Scott M. Ransom and Paul S. Ray and Joseph D. Romano and Shashwat C. Sardesai and Ann Schmiedekamp and Carl Schmiedekamp and Kai Schmitz and Tobias Schröder and Levi Schult and Brent J. Shapiro-Albert and Xavier Siemens and Joseph Simon and Magdalena S. Siwek and Ingrid H. Stairs and Daniel R. Stinebring and Kevin Stovall and Peter Stratmann and Jerry P. Sun and Abhimanyu Susobhanan and Joseph K. Swiggum and Jacob Taylor and Stephen R. Taylor and Tanner Trickle and Jacob E. Turner and Caner Unal and Michele Vallisneri and Sonali Verma and Sarah J. Vigeland and Haley M. Wahl and Qiaohong Wang and Caitlin A. Witt and David Wright and Olivia Young and Kathryn M. Zurek and The NANOGrav Collaboration},
title = {The NANOGrav 15 yr Data Set: Search for Signals from New Physics},
journal = {The Astrophysical Journal Letters},
abstract = {The 15 yr pulsar timing data set collected by the North American Nanohertz Observatory for Gravitational Waves (NANOGrav) shows positive evidence for the presence of a low-frequency gravitational-wave (GW) background. In this paper, we investigate potential cosmological interpretations of this signal, specifically cosmic inflation, scalar-induced GWs, first-order phase transitions, cosmic strings, and domain walls. We find that, with the exception of stable cosmic strings of field theory origin, all these models can reproduce the observed signal. When compared to the standard interpretation in terms of inspiraling supermassive black hole binaries (SMBHBs), many cosmological models seem to provide a better fit resulting in Bayes factors in the range from 10 to 100. However, these results strongly depend on modeling assumptions about the cosmic SMBHB population and, at this stage, should not be regarded as evidence for new physics. Furthermore, we identify excluded parameter regions where the predicted GW signal from cosmological sources significantly exceeds the NANOGrav signal. These parameter constraints are independent of the origin of the NANOGrav signal and illustrate how pulsar timing data provide a new way to constrain the parameter space of these models. Finally, we search for deterministic signals produced by models of ultralight dark matter (ULDM) and dark matter substructures in the Milky Way. We find no evidence for either of these signals and thus report updated constraints on these models. In the case of ULDM, these constraints outperform torsion balance and atomic clock constraints for ULDM coupled to electrons, muons, or gluons.}
}

@article{Moore:2015,
doi = {10.1088/0264-9381/32/1/015014},
url = {https://dx.doi.org/10.1088/0264-9381/32/1/015014},
year = {2014},
month = {dec},
publisher = {IOP Publishing},
volume = {32},
number = {1},
pages = {015014},
author = {C J Moore and R H Cole and C P L Berry},
title = {Gravitational-wave sensitivity curves},
journal = {Classical and Quantum Gravity},
abstract = {There are several common conventions in use by the gravitational-wave community to describe the amplitude of sources and the sensitivity of detectors. These are frequently confused. We outline the merits of and differences between the various quantities used for parameterizing noise curves and characterizing gravitational-wave amplitudes. We conclude by producing plots that consistently compare different detectors. Similar figures can be generated on-line for general use at http://rhcole.com/apps/GWplotter.}
}

@article{Tanin:2020qjw,
    author = "Tanin, Erwin H. and Tenkanen, Tommi",
    title = "{Gravitational wave constraints on the observable inflation}",
    eprint = "2004.10702",
    archivePrefix = "arXiv",
    primaryClass = "astro-ph.CO",
    doi = "10.1088/1475-7516/2021/01/053",
    journal = "JCAP",
    volume = "01",
    pages = "053",
    year = "2021"
}

@article{Fierz:1939ix,
    author = "Fierz, M. and Pauli, W.",
    title = "{On relativistic wave equations for particles of arbitrary spin in an electromagnetic field}",
    doi = "10.1098/rspa.1939.0140",
    journal = "Proc. Roy. Soc. Lond. A",
    volume = "173",
    pages = "211--232",
    year = "1939"
}

@article{Wu:2023rib,
    author = "Wu, Yu-Mei and Chen, Zu-Cheng and Bi, Yan-Chen and Huang, Qing-Guo",
    title = "{Constraining the Graviton Mass with the NANOGrav 15-Year Data Set}",
    eprint = "2310.07469",
    archivePrefix = "arXiv",
    primaryClass = "astro-ph.CO",
    month = "10",
    year = "2023"
}


@article{Wang:2023div,
    author = "Wang, Sai and Zhao, Zhi-Chao",
    title = "{Unveiling the Graviton Mass Bounds through Analysis of 2023 Pulsar Timing Array Data Releases}",
    eprint = "2307.04680",
    archivePrefix = "arXiv",
    primaryClass = "astro-ph.HE",
    month = "7",
    year = "2023"
}

@article{deRham:2016nuf,
    author = "de Rham, Claudia and Deskins, J. Tate and Tolley, Andrew J. and Zhou, Shuang-Yong",
    title = "{Graviton Mass Bounds}",
    eprint = "1606.08462",
    archivePrefix = "arXiv",
    primaryClass = "astro-ph.CO",
    doi = "10.1103/RevModPhys.89.025004",
    journal = "Rev. Mod. Phys.",
    volume = "89",
    number = "2",
    pages = "025004",
    year = "2017"
}


@article{Hassan:2011tf,
    author = "Hassan, S. F. and Rosen, Rachel A. and Schmidt-May, Angnis",
    title = "{Ghost-free Massive Gravity with a General Reference Metric}",
    eprint = "1109.3230",
    archivePrefix = "arXiv",
    primaryClass = "hep-th",
    doi = "10.1007/JHEP02(2012)026",
    journal = "JHEP",
    volume = "02",
    pages = "026",
    year = "2012"
}

@article{Hassan:2011ea,
    author = "Hassan, S. F. and Rosen, Rachel A.",
    title = "{Confirmation of the Secondary Constraint and Absence of Ghost in Massive Gravity and Bimetric Gravity}",
    eprint = "1111.2070",
    archivePrefix = "arXiv",
    primaryClass = "hep-th",
    doi = "10.1007/JHEP04(2012)123",
    journal = "JHEP",
    volume = "04",
    pages = "123",
    year = "2012"
}

@article{Jiang:2015qor,
    author = "Jiang, Hongliang and Liu, Tao and Sun, Sichun and Wang, Yi",
    title = "{Echoes of Inflationary First-Order Phase Transitions in the CMB}",
    eprint = "1512.07538",
    archivePrefix = "arXiv",
    primaryClass = "astro-ph.CO",
    doi = "10.1016/j.physletb.2016.12.029",
    journal = "Phys. Lett. B",
    volume = "765",
    pages = "339--343",
    year = "2017"
}

@article{Blasi:2017pkk,
    author = "Blasi, Alberto and Maggiore, Nicola",
    title = "{Massive gravity and Fierz-Pauli theory}",
    eprint = "1706.08140",
    archivePrefix = "arXiv",
    primaryClass = "hep-th",
    doi = "10.1140/epjc/s10052-017-5205-y",
    journal = "Eur. Phys. J. C",
    volume = "77",
    number = "9",
    pages = "614",
    year = "2017"
}


@book{Maggiore:v1,
  title = {Gravitational Waves, Volume 1: Theory and Experiment},
  author = {Michele Maggiore},
  year= {2008}, 
  publisher = {Oxford University Press, Oxford},
}

@book{Maggiore:v2,
  title = {Gravitational Waves: Volume 2: Astrophysics and Cosmology},
  author = {Michele Maggiore},
  year= {2018}, 
  publisher = {Oxford University Press, Oxford},
}

@article{SymPy:2017,
    author = {Meurer, Aaron and Smith, Christopher P. and Paprocki, Mateusz and Čertík, Ondřej and Kirpichev, Sergey B. and Rocklin, Matthew and Kumar, Amit and Ivanov, Sergiu and Moore, Jason K. and Singh, Sartaj and Rathnayake, Thilina and Vig, Sean and Granger, Brian E. and Muller, Richard P. and Bonazzi, Fransesco and Gupta, Harsh and Vats, Shivam and Johansson, Fredrik and Pedregosa, Fabian and Curry, Matthew J. and Terrel, Andy R. and Roučka, Štěpán and Saboo, Ashutosh and Fernando, Isuru and Kulal, Sumith and Cimrmam, Robert and Scopatz, Anthony},doi = {10.7717/peerj-cs.103},
    journal = {PeerJ Computer Science},
    month = jan,
    title = {{SymPy: symbolic computing in Python}},
    url = {https://doi.org/10.7717/peerj-cs.103},
    volume = {3},
    year = {2017}
}

@article{Kuroyanagi:2014nba,
    author = "Kuroyanagi, Sachiko and Takahashi, Tomo and Yokoyama, Shuichiro",
    title = "{Blue-tilted Tensor Spectrum and Thermal History of the Universe}",
    eprint = "1407.4785",
    archivePrefix = "arXiv",
    primaryClass = "astro-ph.CO",
    reportNumber = "ICRR-REPORT-686-2014-12",
    doi = "10.1088/1475-7516/2015/02/003",
    journal = "JCAP",
    volume = "02",
    pages = "003",
    year = "2015"
}


@article{Weinberg:2003ur,
    author = "Weinberg, Steven",
    title = "{Damping of tensor modes in cosmology}",
    eprint = "astro-ph/0306304",
    archivePrefix = "arXiv",
    reportNumber = "UTTG-02-03",
    doi = "10.1103/PhysRevD.69.023503",
    journal = "Phys. Rev. D",
    volume = "69",
    pages = "023503",
    year = "2004"
}


@article{Planck:2018vyg,
    author = "Aghanim, N. and others",
    collaboration = "Planck",
    title = "{Planck 2018 results. VI. Cosmological parameters}",
    eprint = "1807.06209",
    archivePrefix = "arXiv",
    primaryClass = "astro-ph.CO",
    doi = "10.1051/0004-6361/201833910",
    journal = "Astron. Astrophys.",
    volume = "641",
    pages = "A6",
    year = "2020",
    note = "[Erratum: Astron.Astrophys. 652, C4 (2021)]"
}

@article{DeFelice:2015hla,
   title={Minimal theory of massive gravity},
   volume={752},
   ISSN={0370-2693},
   url={http://dx.doi.org/10.1016/j.physletb.2015.11.050},
   DOI={10.1016/j.physletb.2015.11.050},
   journal={Physics Letters B},
   publisher={Elsevier BV},
   author={De Felice, Antonio and Mukohyama, Shinji},
   year={2016},
   month=jan, pages={302–305} 
}

@article{DeFelice:2015moy,
    author = "De Felice, Antonio and Mukohyama, Shinji",
    title = "{Phenomenology in minimal theory of massive gravity}",
    eprint = "1512.04008",
    archivePrefix = "arXiv",
    primaryClass = "hep-th",
    reportNumber = "YITP-15-91, IPMU15-0204",
    doi = "10.1088/1475-7516/2016/04/028",
    journal = "JCAP",
    volume = "04",
    pages = "028",
    year = "2016"
}

@article{vanDam:1970vg,
    author = "van Dam, H. and Veltman, M. J. G.",
    title = "{Massive and massless Yang-Mills and gravitational fields}",
    doi = "10.1016/0550-3213(70)90416-5",
    journal = "Nucl. Phys. B",
    volume = "22",
    pages = "397--411",
    year = "1970"
}

@article{Zakharov:1970cc,
    author = "Zakharov, V. I.",
    title = "{Linearized gravitation theory and the graviton mass}",
    journal = "JETP Lett.",
    volume = "12",
    pages = "312",
    year = "1970"
}

@article{Vainshtein:1972sx,
    author = "Vainshtein, A. I.",
    title = "{To the problem of nonvanishing gravitation mass}",
    doi = "10.1016/0370-2693(72)90147-5",
    journal = "Phys. Lett. B",
    volume = "39",
    pages = "393--394",
    year = "1972"
}

@article{Boulware:1972yco,
    author = "Boulware, D. G. and Deser, Stanley",
    title = "{Can gravitation have a finite range?}",
    doi = "10.1103/PhysRevD.6.3368",
    journal = "Phys. Rev. D",
    volume = "6",
    pages = "3368--3382",
    year = "1972"
}

@article{Dubovsky:2004sg,
    author = "Dubovsky, S. L.",
    title = "{Phases of massive gravity}",
    eprint = "hep-th/0409124",
    archivePrefix = "arXiv",
    doi = "10.1088/1126-6708/2004/10/076",
    journal = "JHEP",
    volume = "10",
    pages = "076",
    year = "2004"
}

@article{deRham:2010ik,
  title = {Generalization of the Fierz-Pauli action},
  author = {de Rham, Claudia and Gabadadze, Gregory},
  journal = {Phys. Rev. D},
  volume = {82},
  issue = {4},
  pages = {044020},
  numpages = {9},
  year = {2010},
  month = {Aug},
  publisher = {American Physical Society},
  doi = {10.1103/PhysRevD.82.044020},
  url = {https://link.aps.org/doi/10.1103/PhysRevD.82.044020}
}

@article{deRham:2010kj,
    author = "de Rham, Claudia and Gabadadze, Gregory and Tolley, Andrew J.",
    title = "{Resummation of Massive Gravity}",
    eprint = "1011.1232",
    archivePrefix = "arXiv",
    primaryClass = "hep-th",
    doi = "10.1103/PhysRevLett.106.231101",
    journal = "Phys. Rev. Lett.",
    volume = "106",
    pages = "231101",
    year = "2011"
}

@article{Arkani-Hamed:2003pdi,
    author = "Arkani-Hamed, Nima and Cheng, Hsin-Chia and Luty, Markus A. and Mukohyama, Shinji",
    title = "{Ghost condensation and a consistent infrared modification of gravity}",
    eprint = "hep-th/0312099",
    archivePrefix = "arXiv",
    reportNumber = "HUTP-03-A081, UMD-PPP-04-012",
    doi = "10.1088/1126-6708/2004/05/074",
    journal = "JHEP",
    volume = "05",
    pages = "074",
    year = "2004"
}

@article{Rubakov:2004eb,
    author = "Rubakov, V. A.",
    title = "{Lorentz-violating graviton masses: Getting around ghosts, low strong coupling scale and VDVZ discontinuity}",
    eprint = "hep-th/0407104",
    archivePrefix = "arXiv",
    journal="",
    reportNumber = "INR-TH-39-2004",
    month = "7",
    year = "2004"
}

@article{Blas:2009my,
    author = "Blas, D. and Comelli, D. and Nesti, F. and Pilo, L.",
    title = "{Lorentz Breaking Massive Gravity in Curved Space}",
    eprint = "0905.1699",
    archivePrefix = "arXiv",
    primaryClass = "hep-th",
    doi = "10.1103/PhysRevD.80.044025",
    journal = "Phys. Rev. D",
    volume = "80",
    pages = "044025",
    year = "2009"
}

@article{Rubakov:2008nh,
    author = "Rubakov, V. A. and Tinyakov, P. G.",
    title = "{Infrared-modified gravities and massive gravitons}",
    eprint = "0802.4379",
    archivePrefix = "arXiv",
    primaryClass = "hep-th",
    reportNumber = "ULB-TH-08-07",
    doi = "10.1070/PU2008v051n08ABEH006600",
    journal = "Phys. Usp.",
    volume = "51",
    pages = "759--792",
    year = "2008"
}

@article{Blas:2007zz,
    author = "Blas, D. and Deffayet, C. and Garriga, J.",
    title = "{Bigravity and Lorentz-violating Massive Gravity}",
    eprint = "0705.1982",
    archivePrefix = "arXiv",
    primaryClass = "hep-th",
    doi = "10.1103/PhysRevD.76.104036",
    journal = "Phys. Rev. D",
    volume = "76",
    pages = "104036",
    year = "2007"
}

@article{Comelli:2013txa,
    author = "Comelli, Denis and Nesti, Fabrizio and Pilo, Luigi",
    title = "{Massive gravity: a General Analysis}",
    eprint = "1305.0236",
    archivePrefix = "arXiv",
    primaryClass = "hep-th",
    doi = "10.1007/JHEP07(2013)161",
    journal = "JHEP",
    volume = "07",
    pages = "161",
    year = "2013"
}

@article{Langlois:2014jba,
    author = "Langlois, David and Mukohyama, Shinji and Namba, Ryo and Naruko, Atsushi",
    title = "{Cosmology in rotation-invariant massive gravity with non-trivial fiducial metric}",
    eprint = "1405.0358",
    archivePrefix = "arXiv",
    primaryClass = "hep-th",
    doi = "10.1088/0264-9381/31/17/175003",
    journal = "Class. Quant. Grav.",
    volume = "31",
    pages = "175003",
    year = "2014"
}

@ARTICLE{Rajagopal:1995,
	author = {{Rajagopal}, Mohan and {Romani}, Roger W.},
	title = "{Ultra--Low-Frequency Gravitational Radiation from Massive Black Hole Binaries}",
	journal = {The Astrophysical Journal},
	keywords = {BLACK HOLE PHYSICS, GALAXIES: INTERACTIONS, GALAXIES: NUCLEI, RADIATION MECHANISMS: NONTHERMAL, Astrophysics},
	year = 1995,
	month = jun,
	volume = {446},
	pages = {543},
	doi = {10.1086/175813},
	archivePrefix = {arXiv},
	eprint = {astro-ph/9412038},
	primaryClass = {astro-ph},
	adsurl = {https://ui.adsabs.harvard.edu/abs/1995ApJ...446..543R},
	adsnote = {Provided by the SAO/NASA Astrophysics Data System}
}

@article{Jaffe:2002rt,
    author = "Jaffe, Andrew H. and Backer, Donald C.",
    title = "{Gravitational waves probe the coalescence rate of massive black hole binaries}",
    eprint = "astro-ph/0210148",
    archivePrefix = "arXiv",
    doi = "10.1086/345443",
    journal = "Astrophys. J.",
    volume = "583",
    pages = "616--631",
    year = "2003"
}

@article{Burke-Spolaor:2018bvk,
    author = "Burke-Spolaor, Sarah and others",
    title = "{The Astrophysics of Nanohertz Gravitational Waves}",
    eprint = "1811.08826",
    archivePrefix = "arXiv",
    primaryClass = "astro-ph.HE",
    doi = "10.1007/s00159-019-0115-7",
    journal = "Astron. Astrophys. Rev.",
    volume = "27",
    number = "1",
    pages = "5",
    year = "2019"
}

@article{Phinney:2001di,
    author = "Phinney, E. S.",
    title = "{A Practical theorem on gravitational wave backgrounds}",
    eprint = "astro-ph/0108028",
    archivePrefix = "arXiv",
    journal="",
    month = "7",
    year = "2001"
}

@article{Zic:2023gta,
    author = "Zic, Andrew and others",
    title = "{The Parkes Pulsar Timing Array Third Data Release}",
    eprint = "2306.16230",
    journal="",
    archivePrefix = "arXiv",
    primaryClass = "astro-ph.HE",
    month = "6",
    year = "2023"
}

@article{Reardon:2023gzh,
    author = "Reardon, Daniel J. and others",
    title = "{Search for an isotropic gravitational-wave background with the Parkes Pulsar Timing Array}",
    eprint = "2306.16215",
    archivePrefix = "arXiv",
    primaryClass = "astro-ph.HE",
    doi = "10.3847/2041-8213/acdd02",
    journal = "Astrophys. J. Lett.",
    volume = "951",
    number = "1",
    year = "2023"
}

@article{Antoniadis:2023ott,
    author = "Antoniadis, J. and others",
    title = "{The second data release from the European Pulsar Timing Array III. Search for gravitational wave signals}",
    eprint = "2306.16214",
    archivePrefix = "arXiv",
    primaryClass = "astro-ph.HE",
    journal="",
    month = "6",
    year = "2023"
}

@article{Antoniadis:2023lym,
    author = "Antoniadis, J. and others",
    title = "{The second data release from the European Pulsar Timing Array I. The dataset and timing analysis}",
    eprint = "2306.16224",
    archivePrefix = "arXiv",
    primaryClass = "astro-ph.HE",
    journal="",
    doi = "10.1051/0004-6361/202346841",
    month = "6",
    year = "2023"
}

@article{Xu:2023wog,
    author = "Xu, Heng and others",
    title = "{Searching for the Nano-Hertz Stochastic Gravitational Wave Background with the Chinese Pulsar Timing Array Data Release I}",
    eprint = "2306.16216",
    archivePrefix = "arXiv",
    primaryClass = "astro-ph.HE",
    doi = "10.1088/1674-4527/acdfa5",
    journal = "Res. Astron. Astrophys.",
    volume = "23",
    number = "7",
    pages = "075024",
    year = "2023"
}

@article{Maggiore:1999vm,
    author = "Maggiore, Michele",
    title = "{Gravitational wave experiments and early universe cosmology}",
    eprint = "gr-qc/9909001",
    archivePrefix = "arXiv",
    reportNumber = "IFUP-TH-20-99",
    doi = "10.1016/S0370-1573(99)00102-7",
    journal = "Phys. Rept.",
    volume = "331",
    pages = "283--367",
    year = "2000"
}

@article{Caprini:2018mtu,
    author = "Caprini, Chiara and Figueroa, Daniel G.",
    title = "{Cosmological Backgrounds of Gravitational Waves}",
    eprint = "1801.04268",
    archivePrefix = "arXiv",
    primaryClass = "astro-ph.CO",
    doi = "10.1088/1361-6382/aac608",
    journal = "Class. Quant. Grav.",
    volume = "35",
    number = "16",
    pages = "163001",
    year = "2018"
}

@article{Chen:2021wdo,
    author = "Chen, Zu-Cheng and Yuan, Chen and Huang, Qing-Guo",
    title = "{Non-tensorial gravitational wave background in NANOGrav 12.5-year data set}",
    eprint = "2101.06869",
    archivePrefix = "arXiv",
    primaryClass = "astro-ph.CO",
    doi = "10.1007/s11433-021-1797-y",
    journal = "Sci. China Phys. Mech. Astron.",
    volume = "64",
    number = "12",
    pages = "120412",
    year = "2021"
}

@article{Wu:2021kmd,
    author = "Wu, Yu-Mei and Chen, Zu-Cheng and Huang, Qing-Guo",
    title = "{Constraining the Polarization of Gravitational Waves with the Parkes Pulsar Timing Array Second Data Release}",
    eprint = "2108.10518",
    archivePrefix = "arXiv",
    primaryClass = "astro-ph.CO",
    doi = "10.3847/1538-4357/ac35cc",
    journal = "Astrophys. J.",
    volume = "925",
    number = "1",
    pages = "37",
    year = "2022"
}

@article{Chen:2021ncc,
    author = "Chen, Zu-Cheng and Wu, Yu-Mei and Huang, Qing-Guo",
    title = "{Searching for isotropic stochastic gravitational-wave background in the international pulsar timing array second data release}",
    eprint = "2109.00296",
    archivePrefix = "arXiv",
    primaryClass = "astro-ph.CO",
    doi = "10.1088/1572-9494/ac7cdf",
    journal = "Commun. Theor. Phys.",
    volume = "74",
    number = "10",
    pages = "105402",
    year = "2022"
}

@article{PPTA:2022eul,
    author = "Wu, Yu-Mei and Chen, Zu-Cheng and Huang, Qing-Guo and Zhu, Xingjiang and Bhat, N. D. Ramesh and Feng, Yi and Hobbs, George and Manchester, Richard N. and Russell, Christopher J. and Shannon, R. M.",
    collaboration = "PPTA",
    title = "{Constraining ultralight vector dark matter with the Parkes Pulsar Timing Array second data release}",
    eprint = "2210.03880",
    archivePrefix = "arXiv",
    primaryClass = "astro-ph.CO",
    doi = "10.1103/PhysRevD.106.L081101",
    journal = "Phys. Rev. D",
    volume = "106",
    number = "8",
    pages = "L081101",
    year = "2022"
}

@article{Wu:2023pbt,
    author = "Wu, Yu-Mei and Chen, Zu-Cheng and Huang, Qing-Guo",
    title = "{Search for stochastic gravitational-wave background from massive gravity in the NANOGrav 12.5-year dataset}",
    eprint = "2302.00229",
    archivePrefix = "arXiv",
    primaryClass = "gr-qc",
    doi = "10.1103/PhysRevD.107.042003",
    journal = "Phys. Rev. D",
    volume = "107",
    number = "4",
    pages = "042003",
    year = "2023"
}

@article{Wu:2023dnp,
    author = "Wu, Yu-Mei and Chen, Zu-Cheng and Huang, Qing-Guo",
    title = "{Pulsar timing residual induced by ultralight tensor dark matter}",
    eprint = "2305.08091",
    archivePrefix = "arXiv",
    primaryClass = "hep-ph",
    month = "5",
    year = "2023"
}

@article{Madge:2023cak,
    author = "Madge, Eric and Morgante, Enrico and Ib\'a\~nez, Cristina Puchades and Ramberg, Nicklas and Schenk, Sebastian",
    title = "{Primordial gravitational waves in the nano-Hertz regime and PTA data -- towards solving the GW inverse problem}",
    eprint = "2306.14856",
    archivePrefix = "arXiv",
    primaryClass = "hep-ph",
    reportNumber = "MITP-23-029",
    month = "6",
    year = "2023"
}

@article{Kibble:1976sj,
    author = "Kibble, T. W. B.",
    title = "{Topology of Cosmic Domains and Strings}",
    reportNumber = "ICTP/75/5",
    doi = "10.1088/0305-4470/9/8/029",
    journal = "J. Phys. A",
    volume = "9",
    pages = "1387--1398",
    year = "1976"
}


@article{Vilenkin:1984ib,
    author = "Vilenkin, Alexander",
    title = "{Cosmic Strings and Domain Walls}",
    reportNumber = "PRINT-84-0840 (TUFTS)",
    doi = "10.1016/0370-1573(85)90033-X",
    journal = "Phys. Rept.",
    volume = "121",
    pages = "263--315",
    year = "1985"
}

@article{Caprini:2010xv,
	author = "Caprini, Chiara and Durrer, Ruth and Siemens, Xavier",
	title = "{Detection of gravitational waves from the QCD phase transition with pulsar timing arrays}",
	eprint = "1007.1218",
	archivePrefix = "arXiv",
	primaryClass = "astro-ph.CO",
	doi = "10.1103/PhysRevD.82.063511",
	journal = "Phys. Rev. D",
	volume = "82",
	pages = "063511",
	year = "2010"
}

@article{Kobakhidze:2017mru,
    author = "Kobakhidze, Archil and Lagger, Cyril and Manning, Adrian and Yue, Jason",
    title = "{Gravitational waves from a supercooled electroweak phase transition and their detection with pulsar timing arrays}",
    eprint = "1703.06552",
    archivePrefix = "arXiv",
    primaryClass = "hep-ph",
    doi = "10.1140/epjc/s10052-017-5132-y",
    journal = "Eur. Phys. J. C",
    volume = "77",
    number = "8",
    pages = "570",
    year = "2017"
}

@article{Arunasalam:2017ajm,
    author = "Arunasalam, Suntharan and Kobakhidze, Archil and Lagger, Cyril and Liang, Shelley and Zhou, Albert",
    title = "{Low temperature electroweak phase transition in the Standard Model with hidden scale invariance}",
    eprint = "1709.10322",
    archivePrefix = "arXiv",
    primaryClass = "hep-ph",
    doi = "10.1016/j.physletb.2017.11.017",
    journal = "Phys. Lett. B",
    volume = "776",
    pages = "48--53",
    year = "2018"
}


@article{Xue:2021gyq,
    author = "Xue, Xiao and others",
    title = "{Constraining Cosmological Phase Transitions with the Parkes Pulsar Timing Array}",
    eprint = "2110.03096",
    archivePrefix = "arXiv",
    primaryClass = "astro-ph.CO",
    doi = "10.1103/PhysRevLett.127.251303",
    journal = "Phys. Rev. Lett.",
    volume = "127",
    number = "25",
    pages = "251303",
    year = "2021"
}

@article{NANOGrav:2021flc,
    author = "Arzoumanian, Zaven and others",
    collaboration = "NANOGrav",
    title = "{Searching for Gravitational Waves from Cosmological Phase Transitions with the NANOGrav 12.5-Year Dataset}",
    eprint = "2104.13930",
    archivePrefix = "arXiv",
    primaryClass = "astro-ph.CO",
    doi = "10.1103/PhysRevLett.127.251302",
    journal = "Phys. Rev. Lett.",
    volume = "127",
    number = "25",
    pages = "251302",
    year = "2021"
}

@article{Moore:2021ibq,
    author = "Moore, Christopher J. and Vecchio, Alberto",
    title = "{Ultra-low-frequency gravitational waves from cosmological and astrophysical processes}",
    eprint = "2104.15130",
    archivePrefix = "arXiv",
    primaryClass = "astro-ph.CO",
    doi = "10.1038/s41550-021-01489-8",
    journal = "Nature Astron.",
    volume = "5",
    number = "12",
    pages = "1268--1274",
    year = "2021"
}

@article{Addazi:2023jvg,

    author = "Addazi, Andrea and Cai, Yi-Fu and Marciano, Antonino and Visinelli, Luca",

    title = "{Have pulsar timing array methods detected a cosmological phase transition?}",

    eprint = "2306.17205",

    archivePrefix = "arXiv",

    primaryClass = "astro-ph.CO",

    month = "6",

    year = "2023"

}

@article{Athron:2023xlk,
    author = "Athron, Peter and Bal\'azs, Csaba and Fowlie, Andrew and Morris, Lachlan and Wu, Lei",
    title = "{Cosmological phase transitions: from perturbative particle physics to gravitational waves}",
    eprint = "2305.02357",
    archivePrefix = "arXiv",
    primaryClass = "hep-ph",
    month = "5",
    year = "2023"
}

@article{Bringmann:2023opz,
    author = "Bringmann, Torsten and Depta, Paul Frederik and Konstandin, Thomas and Schmidt-Hoberg, Kai and Tasillo, Carlo",
    title = "{Does NANOGrav observe a dark sector phase transition?}",
    eprint = "2306.09411",
    archivePrefix = "arXiv",
    primaryClass = "astro-ph.CO",
    reportNumber = "DESY-23-077",
    month = "6",
    year = "2023"
}

@article{Damour:2004kw,
	author = "Damour, Thibault and Vilenkin, Alexander",
	title = "{Gravitational radiation from cosmic (super)strings: Bursts, stochastic background, and observational windows}",
	eprint = "hep-th/0410222",
	archivePrefix = "arXiv",
	doi = "10.1103/PhysRevD.71.063510",
	journal = "Phys. Rev. D",
	volume = "71",
	pages = "063510",
	year = "2005"
}

@article{Siemens:2006yp,
	author = "Siemens, Xavier and Mandic, Vuk and Creighton, Jolien",
	title = "{Gravitational wave stochastic background from cosmic (super)strings}",
	eprint = "astro-ph/0610920",
	archivePrefix = "arXiv",
	doi = "10.1103/PhysRevLett.98.111101",
	journal = "Phys. Rev. Lett.",
	volume = "98",
	pages = "111101",
	year = "2007"
}

@article{Chen:2022azo,
    author = "Chen, Zu-Cheng and Wu, Yu-Mei and Huang, Qing-Guo",
    title = "{Search for the Gravitational-wave Background from Cosmic Strings with the Parkes Pulsar Timing Array Second Data Release}",
    eprint = "2205.07194",
    archivePrefix = "arXiv",
    primaryClass = "astro-ph.CO",
    doi = "10.3847/1538-4357/ac86cb",
    journal = "Astrophys. J.",
    volume = "936",
    number = "1",
    pages = "20",
    year = "2022"
}

@article{Bian:2022tju,
    author = "Bian, Ligong and Shu, Jing and Wang, Bo and Yuan, Qiang and Zong, Junchao",
    title = "{Searching for cosmic string induced stochastic gravitational wave background with the Parkes Pulsar Timing Array}",
    eprint = "2205.07293",
    archivePrefix = "arXiv",
    primaryClass = "hep-ph",
    doi = "10.1103/PhysRevD.106.L101301",
    journal = "Phys. Rev. D",
    volume = "106",
    number = "10",
    pages = "L101301",
    year = "2022"
}

@article{Ferreira:2022zzo,
    author = "Ferreira, Ricardo Z. and Notari, Alessio and Pujolas, Oriol and Rompineve, Fabrizio",
    title = "{Gravitational waves from domain walls in Pulsar Timing Array datasets}",
    eprint = "2204.04228",
    archivePrefix = "arXiv",
    primaryClass = "astro-ph.CO",
    reportNumber = "CERN-TH-2022-214",
    doi = "10.1088/1475-7516/2023/02/001",
    journal = "JCAP",
    volume = "02",
    pages = "001",
    year = "2023"
}

@article{Tomita:1967non,
	title={Non-linear theory of gravitational instability in the expanding universe},
	author={Tomita, Kenji},
	journal={Progress of Theoretical Physics},
	volume={37},
	number={5},
	pages={831--846},
	year={1967},
	publisher={Oxford University Press}
}



@article{Saito:2008jc,
	author         = "Saito, Ryo and Yokoyama, Jun'ichi",
	title          = "{Gravitational wave background as a probe of the
	primordial black hole abundance}",
	journal        = "Phys. Rev. Lett.",
	volume         = "102",
	year           = "2009",
	pages          = "161101",
	doi            = "10.1103/PhysRevLett.102.161101,
	10.1103/PhysRevLett.107.069901",
	note           = "[Erratum: Phys. Rev. Lett.107,069901(2011)]",
	eprint         = "0812.4339",
	archivePrefix  = "arXiv",
	primaryClass   = "astro-ph",
	reportNumber   = "RESCEU-63-08",
	SLACcitation   = "%%CITATION = ARXIV:0812.4339;%%"
}

@article{Young:2014ana,
	author         = "Young, Sam and Byrnes, Christian T. and Sasaki, Misao",
	title          = "{Calculating the mass fraction of primordial black
	holes}",
	journal        = "JCAP",
	volume         = "1407",
	year           = "2014",
	pages          = "045",
	doi            = "10.1088/1475-7516/2014/07/045",
	eprint         = "1405.7023",
	archivePrefix  = "arXiv",
	primaryClass   = "gr-qc",
	SLACcitation   = "%%CITATION = ARXIV:1405.7023;%%"
}

@article{Yuan:2019wwo,
    author = "Yuan, Chen and Chen, Zu-Cheng and Huang, Qing-Guo",
    title = "{Log-dependent slope of scalar induced gravitational waves in the infrared regions}",
    eprint = "1910.09099",
    archivePrefix = "arXiv",
    primaryClass = "astro-ph.CO",
    doi = "10.1103/PhysRevD.101.043019",
    journal = "Phys. Rev. D",
    volume = "101",
    number = "4",
    pages = "043019",
    year = "2020"
}

@article{Yuan:2019udt,
    author = "Yuan, Chen and Chen, Zu-Cheng and Huang, Qing-Guo",
    title = "{Probing primordial\textendash{}black-hole dark matter with scalar induced gravitational waves}",
    eprint = "1906.11549",
    archivePrefix = "arXiv",
    primaryClass = "astro-ph.CO",
    doi = "10.1103/PhysRevD.100.081301",
    journal = "Phys. Rev. D",
    volume = "100",
    number = "8",
    pages = "081301",
    year = "2019"
}

@article{Chen:2019xse,
    author = "Chen, Zu-Cheng and Yuan, Chen and Huang, Qing-Guo",
    title = "{Pulsar Timing Array Constraints on Primordial Black Holes with NANOGrav 11-Year Dataset}",
    eprint = "1910.12239",
    archivePrefix = "arXiv",
    primaryClass = "astro-ph.CO",
    doi = "10.1103/PhysRevLett.124.251101",
    journal = "Phys. Rev. Lett.",
    volume = "124",
    number = "25",
    pages = "251101",
    year = "2020"
}

@article{Cai:2019bmk,
    author = "Cai, Rong-Gen and Guo, Zong-Kuan and Liu, Jing and Liu, Lang and Yang, Xing-Yu",
    title = "{Primordial black holes and gravitational waves from parametric amplification of curvature perturbations}",
    eprint = "1912.10437",
    archivePrefix = "arXiv",
    primaryClass = "astro-ph.CO",
    doi = "10.1088/1475-7516/2020/06/013",
    journal = "JCAP",
    volume = "06",
    pages = "013",
    year = "2020"
}

@article{Yuan:2019fwv,
    author = "Yuan, Chen and Chen, Zu-Cheng and Huang, Qing-Guo",
    title = "{Scalar induced gravitational waves in different gauges}",
    eprint = "1912.00885",
    archivePrefix = "arXiv",
    primaryClass = "astro-ph.CO",
    doi = "10.1103/PhysRevD.101.063018",
    journal = "Phys. Rev. D",
    volume = "101",
    number = "6",
    pages = "063018",
    year = "2020"
}

@article{Liu:2018ess,
    author = "Liu, Lang and Guo, Zong-Kuan and Cai, Rong-Gen",
    title = "{Effects of the surrounding primordial black holes on the merger rate of primordial black hole binaries}",
    eprint = "1812.05376",
    archivePrefix = "arXiv",
    primaryClass = "astro-ph.CO",
    doi = "10.1103/PhysRevD.99.063523",
    journal = "Phys. Rev. D",
    volume = "99",
    number = "6",
    pages = "063523",
    year = "2019"
}

@article{Liu:2019rnx,
    author = "Liu, Lang and Guo, Zong-Kuan and Cai, Rong-Gen",
    title = "{Effects of the merger history on the merger rate density of primordial black hole binaries}",
    eprint = "1901.07672",
    archivePrefix = "arXiv",
    primaryClass = "astro-ph.CO",
    doi = "10.1140/epjc/s10052-019-7227-0",
    journal = "Eur. Phys. J. C",
    volume = "79",
    number = "8",
    pages = "717",
    year = "2019"
}

@article{Liu:2020cds,
    author = "Liu, Lang and Guo, Zong-Kuan and Cai, Rong-Gen and Kim, Sang Pyo",
    title = "{Merger rate distribution of primordial black hole binaries with electric charges}",
    eprint = "2001.02984",
    archivePrefix = "arXiv",
    primaryClass = "astro-ph.CO",
    doi = "10.1103/PhysRevD.102.043508",
    journal = "Phys. Rev. D",
    volume = "102",
    number = "4",
    pages = "043508",
    year = "2020"
}


@article{Liu:2021jnw,
    author = "Liu, Lang and Yang, Xing-Yu and Guo, Zong-Kuan and Cai, Rong-Gen",
    title = "{Testing primordial black hole and measuring the Hubble constant with multiband gravitational-wave observations}",
    eprint = "2112.05473",
    archivePrefix = "arXiv",
    primaryClass = "astro-ph.CO",
    doi = "10.1088/1475-7516/2023/01/006",
    journal = "JCAP",
    volume = "01",
    pages = "006",
    year = "2023"
}
@article{Liu:2023ymk,
    author = "Liu, Lang and Chen, Zu-Cheng and Huang, Qing-Guo",
    title = "{Implications for the non-Gaussianity of curvature perturbation from pulsar timing arrays}",
    eprint = "2307.01102",
    archivePrefix = "arXiv",
    primaryClass = "astro-ph.CO",
    month = "7",
    year = "2023"
}

@article{Liu:2022iuf,
    author = "Liu, Lang and You, Zhi-Qiang and Wu, You and Chen, Zu-Cheng",
    title = "{Constraining the merger history of primordial-black-hole binaries from GWTC-3}",
    eprint = "2210.16094",
    archivePrefix = "arXiv",
    primaryClass = "astro-ph.CO",
    doi = "10.1103/PhysRevD.107.063035",
    journal = "Phys. Rev. D",
    volume = "107",
    number = "6",
    pages = "063035",
    year = "2023"
}

 @article{Cai:2023dls,

    author = "Cai, Yi-Fu and He, Xin-Chen and Ma, Xiaohan and Yan, Sheng-Feng and Yuan, Guan-Wen",

    title = "{Limits on scalar-induced gravitational waves from the stochastic background by pulsar timing array observations}",

    eprint = "2306.17822",

    archivePrefix = "arXiv",

    primaryClass = "gr-qc",

    month = "6",

    year = "2023"

}

@Article{Carr:1974nx,
  author  = {Carr, Bernard J. and Hawking, S. W.},
  journal = {Mon. Not. Roy. Astron. Soc.},
  title   = {{Black holes in the early Universe}},
  year    = {1974},
  pages   = {399--415},
  volume  = {168},
  groups  = {inspirehep},
}

@Article{Hawking:1971ei,
  author  = {Hawking, Stephen},
  journal = {Mon. Not. Roy. Astron. Soc.},
  title   = {{Gravitationally collapsed objects of very low mass}},
  year    = {1971},
  pages   = {75},
  volume  = {152},
  groups  = {inspirehep},
}

@Article{Zeldovich:1967lct,
  author  = {Zel'dovich, Ya. B. and Novikov, I. D.},
  journal = {Soviet Astron. AJ (Engl. Transl. ),},
  title   = {{The Hypothesis of Cores Retarded during Expansion and the Hot Cosmological Model}},
  year    = {1967},
  pages   = {602},
  volume  = {10},
  groups  = {inspirehep},
}

@article{Chen:2018czv,
    author = "Chen, Zu-Cheng and Huang, Qing-Guo",
    title = "{Merger Rate Distribution of Primordial-Black-Hole Binaries}",
    eprint = "1801.10327",
    archivePrefix = "arXiv",
    primaryClass = "astro-ph.CO",
    doi = "10.3847/1538-4357/aad6e2",
    journal = "Astrophys. J.",
    volume = "864",
    number = "1",
    pages = "61",
    year = "2018"
}

@article{Chen:2018rzo,
    author = "Chen, Zu-Cheng and Huang, Fan and Huang, Qing-Guo",
    title = "{Stochastic Gravitational-wave Background from Binary Black Holes and Binary Neutron Stars and Implications for LISA}",
    eprint = "1809.10360",
    archivePrefix = "arXiv",
    primaryClass = "gr-qc",
    doi = "10.3847/1538-4357/aaf581",
    journal = "Astrophys. J.",
    volume = "871",
    number = "1",
    pages = "97",
    year = "2019"
}

@article{Chen:2019irf,
    author = "Chen, Zu-Cheng and Huang, Qing-Guo",
    title = "{Distinguishing Primordial Black Holes from Astrophysical Black Holes by Einstein Telescope and Cosmic Explorer}",
    eprint = "1904.02396",
    archivePrefix = "arXiv",
    primaryClass = "astro-ph.CO",
    doi = "10.1088/1475-7516/2020/08/039",
    journal = "JCAP",
    volume = "08",
    pages = "039",
    year = "2020"
}

@article{Wu:2020drm,
    author = "Wu, You",
    title = "{Merger history of primordial black-hole binaries}",
    eprint = "2001.03833",
    archivePrefix = "arXiv",
    primaryClass = "astro-ph.CO",
    doi = "10.1103/PhysRevD.101.083008",
    journal = "Phys. Rev. D",
    volume = "101",
    number = "8",
    pages = "083008",
    year = "2020"
}

@article{Chen:2022fda,
    author = "Chen, Zu-Cheng and Du, Shen-Shi and Huang, Qing-Guo and You, Zhi-Qiang",
    title = "{Constraints on primordial-black-hole population and cosmic expansion history from GWTC-3}",
    eprint = "2205.11278",
    archivePrefix = "arXiv",
    primaryClass = "astro-ph.CO",
    doi = "10.1088/1475-7516/2023/03/024",
    journal = "JCAP",
    volume = "03",
    pages = "024",
    year = "2023"
}

@article{Chen:2021nxo,
    author = "Chen, Zu-Cheng and Yuan, Chen and Huang, Qing-Guo",
    title = "{Confronting the primordial black hole scenario with the gravitational-wave events detected by LIGO-Virgo}",
    eprint = "2108.11740",
    archivePrefix = "arXiv",
    primaryClass = "astro-ph.CO",
    doi = "10.1016/j.physletb.2022.137040",
    journal = "Phys. Lett. B",
    volume = "829",
    pages = "137040",
    year = "2022"
}

@article{Chen:2022qvg,
    author = "Chen, Zu-Cheng and Kim, Sang Pyo and Liu, Lang",
    title = "{Gravitational and electromagnetic radiation from binary black holes with electric and magnetic charges: hyperbolic orbits on a cone}",
    eprint = "2210.15564",
    archivePrefix = "arXiv",
    primaryClass = "gr-qc",
    doi = "10.1088/1572-9494/acce98",
    journal = "Commun. Theor. Phys.",
    volume = "75",
    number = "6",
    pages = "065401",
    year = "2023"
}

@article{Zheng:2022wqo,
    author = "Zheng, Li-Ming and Li, Zhengxiang and Chen, Zu-Cheng and Zhou, Huan and Zhu, Zong-Hong",
    title = "{Towards a reliable reconstruction of the power spectrum of primordial curvature perturbation on small scales from GWTC-3}",
    eprint = "2212.05516",
    archivePrefix = "arXiv",
    primaryClass = "astro-ph.CO",
    doi = "10.1016/j.physletb.2023.137720",
    journal = "Phys. Lett. B",
    volume = "838",
    pages = "137720",
    year = "2023"
}

@article{Antoniadis:2023xlr,
    author = "Antoniadis, J. and others",
    title = "{The second data release from the European Pulsar Timing Array: V. Implications for massive black holes, dark matter and the early Universe}",
    eprint = "2306.16227",
    archivePrefix = "arXiv",
    primaryClass = "astro-ph.CO",
    month = "6",
    year = "2023"
}

@article{Grishchuk:1976,
       author = {{Grishchuk}, L.~P.},
        title = "{Primordial gravitons and possibility of their observation}",
      journal = {Soviet Journal of Experimental and Theoretical Physics Letters},
         year = 1976,
        month = mar,
       volume = {23},
        pages = {293},
       adsurl = {https://ui.adsabs.harvard.edu/abs/1976JETPL..23..293G},
      adsnote = {Provided by the SAO/NASA Astrophysics Data System}
}

@article{Grishchuk:1977zz,
    author = "Grishchuk, L. P.",
    title = "{Graviton Creation in the Early Universe}",
    doi = "10.1111/j.1749-6632.1977.tb37064.x",
    journal = "Annals N. Y. Acad. Sci.",
    volume = "302",
    pages = "439",
    year = "1977"
}

@article{Starobinsky:1980te,
    author = "Starobinsky, Alexei A.",
    editor = "Khalatnikov, I. M. and Mineev, V. P.",
    title = "{A New Type of Isotropic Cosmological Models Without Singularity}",
    doi = "10.1016/0370-2693(80)90670-X",
    journal = "Phys. Lett. B",
    volume = "91",
    pages = "99--102",
    year = "1980"
}

@article{Linde:1981mu,
    author = "Linde, Andrei D.",
    editor = "Fang, Li-Zhi and Ruffini, R.",
    title = "{A New Inflationary Universe Scenario: A Possible Solution of the Horizon, Flatness, Homogeneity, Isotropy and Primordial Monopole Problems}",
    reportNumber = "LEBEDEV-81-229",
    doi = "10.1016/0370-2693(82)91219-9",
    journal = "Phys. Lett. B",
    volume = "108",
    pages = "389--393",
    year = "1982"
}

@article{Fabbri:1983us,
    author = "Fabbri, R. and Pollock, M. d.",
    title = "{The Effect of Primordially Produced Gravitons upon the Anisotropy of the Cosmological Microwave Background Radiation}",
    doi = "10.1016/0370-2693(83)91322-9",
    journal = "Phys. Lett. B",
    volume = "125",
    pages = "445--448",
    year = "1983"
}

@article{Grishchuk:2005qe,
    author = "Grishchuk, L. P.",
    title = "{Relic gravitational waves and cosmology}",
    eprint = "gr-qc/0504018",
    archivePrefix = "arXiv",
    doi = "10.1070/PU2005v048n12ABEH005795",
    journal = "Phys. Usp.",
    volume = "48",
    pages = "1235--1247",
    year = "2005"
}

@article{Lasky:2015lej,
    author = "Lasky, Paul D. and others",
    title = "{Gravitational-wave cosmology across 29 decades in frequency}",
    eprint = "1511.05994",
    archivePrefix = "arXiv",
    primaryClass = "astro-ph.CO",
    doi = "10.1103/PhysRevX.6.011035",
    journal = "Phys. Rev. X",
    volume = "6",
    number = "1",
    pages = "011035",
    year = "2016"
}
